@ARTICLE{rfh, 
	author={Chen, T.L. and Ciocarlie, M. and Cousins, S. and Grice, P.M. and Hawkins, K. and Kaijen Hsiao and Kemp, C.C. and Chih-Hung King and Lazewatsky, D.A. and Leeper, A.E. and Hai Nguyen and Paepcke, A. and Pantofaru, C. and Smart, W.D. and Takayama, L.}, 
	journal={Robotics Automation Magazine, IEEE}, 
	title={Robots for Humanity: Using Assistive Robotics to Empower People with Disabilities}, 
	year={2013}, 
	volume={20}, 
	number={1}, 
	pages={30-39}, 
	keywords={handicapped aids;manipulators;mobile robots;AMM;assistive mobile manipulators;assistive robotics;empower people;Biomedical equipment;Control systems;Exoskeletons;Handicapped aids;Human factors;Medical robotics;Prosthetics;Robots;Sensory aids;Software development}, 
	doi={10.1109/MRA.2012.2229950}, 
	ISSN={1070-9932}
}

@inproceedings{ros,
  title="{ROS: an open-source Robot Operating System}",
  author={Quigley, Morgan and Conley, Ken and Gerkey, Brian and Faust, Josh and Foote, Tully and Leibs, Jeremy and Wheeler, Rob and Ng, Andrew Y},
  booktitle={ICRA workshop on open source software},
  volume={3},
  number={3.2},
  year={2009}
}

@article{scratch,
    author = {Maloney, John and Resnick, Mitchel and Rusk, Natalie and Silverman, Brian and Eastmond, Evelyn},
    title = {The Scratch Programming Language and Environment},
    journal = {Trans. Comput. Educ.},
    issue_date = {November 2010},
    volume = {10},
    number = {4},
    month = nov,
    year = {2010},
    issn = {1946-6226},
    pages = {16:1--16:15},
    articleno = {16},
    numpages = {15},
    url = {http://doi.acm.org/10.1145/1868358.1868363},
    doi = {10.1145/1868358.1868363},
    acmid = {1868363},
    publisher = {ACM},
    address = {New York, NY, USA},
    keywords = {Scratch, programming environment, programming language, visual programming language},
} 

@conference {rosco,
    title = {ROS Commander: Flexible Behavior Creation for Home Robots},
    booktitle = {ICRA },
    year = {2013},
    month = {05/2013},
    author = {Hai Nguyen and Matei Ciocarlie and Kaijen Hsiao and Charles Kemp}
}

@book{dontcheva-nocode,
	title="{No Code Required: Giving Users Tools to Transform the Web}",
	editor="Cypher, Allen and Dontcheva, Mira and Lau, Tessa and Nichols, Jeffrey",
	publisher="Morgan Kaufmann",
	isbn="012381541X",
	year=2010
}

@book{lieberman-yourwish,
	title="{Your Wish is My Command: Programming by Example}",
	editor="Lieberman, Henry",
	publisher="Morgan Kaufmann",
	address="San Francisco, CA, USA",
	isbn="1-55860-688-2",
	year=2001
}

@article{mueller-cacm09,
	author = {Mueller, Erik T.},
	title = {Automating Commonsense Reasoning Using the Event Calculus},
	journal = {Commun. ACM},
	issue_date = {January 2009},
	volume = {52},
	number = {1},
	month = jan,
	year = {2009},
	issn = {0001-0782},
	pages = {113--117},
	numpages = {5},
	url = {http://doi.acm.org/10.1145/1435417.1435443},
	doi = {10.1145/1435417.1435443},
	acmid = {1435443},
	publisher = {ACM},
	address = {New York, NY, USA},
} 

@article{darwiche-cacm10,
 author = {Darwiche, Adnan},
 title = {Bayesian Networks},
 journal = {Commun. ACM},
 issue_date = {December 2010},
 volume = {53},
 number = {12},
 month = dec,
 year = {2010},
 issn = {0001-0782},
 pages = {80--90},
 numpages = {11},
 url = {http://doi.acm.org/10.1145/1859204.1859227},
 doi = {10.1145/1859204.1859227},
 acmid = {1859227},
 publisher = {ACM},
 address = {New York, NY, USA},
} 

@article{wright-cacm09,
 author = {Wright, Alex},
 title = {Contemporary Approaches to Fault Tolerance},
 journal = {Commun. ACM},
 issue_date = {July 2009},
 volume = {52},
 number = {7},
 month = jul,
 year = {2009},
 issn = {0001-0782},
 pages = {13--15},
 numpages = {3},
 url = {http://doi.acm.org/10.1145/1538788.1538794},
 doi = {10.1145/1538788.1538794},
 acmid = {1538794},
 publisher = {ACM},
 address = {New York, NY, USA},
} 

@article{fox-jair99,
  title={Markov Localization for Mobile Robots in Dynamic Environments},
  author={Dieter Fox and Wolfram Burgard and Sebastian Thrun},
  journal={Journal of Artificial Intelligence Research},
  volume={11},
  pages={391--427},
  year={1999}
}

@article{kemp-ieee07,
  title={Challenges for robot manipulation in human environments},
  author={Kemp, Charles C and Edsinger, Aaron and Torres-Jara, Eduardo},
  journal={IEEE Robotics and Automation Magazine},
  volume={14},
  number={1},
  pages={20},
  year={2007},
  publisher={THE IEEE, INC.}
}

@inproceedings{cakmak-hri13,
 author = {Cakmak, Maya and Takayama, Leila},
 title = {Towards a Comprehensive Chore List for Domestic Robots},
 booktitle = {Proceedings of the 8th ACM/IEEE International Conference on Human-robot Interaction},
 series = {HRI '13},
 year = {2013},
 isbn = {978-1-4673-3055-8},
 location = {Tokyo, Japan},
 pages = {93--94},
 numpages = {2},
 url = {http://dl.acm.org/citation.cfm?id=2447556.2447583},
 acmid = {2447583},
 publisher = {IEEE Press},
 address = {Piscataway, NJ, USA},
 keywords = {domestic robots, human-robot interaction},
} 

@article{shavit-cacm11,
 author = {Shavit, Nir},
 title = {Data Structures in the Multicore Age},
 journal = {Commun. ACM},
 issue_date = {March 2011},
 volume = {54},
 number = {3},
 month = mar,
 year = {2011},
 issn = {0001-0782},
 pages = {76--84},
 numpages = {9},
 url = {http://doi.acm.org/10.1145/1897852.1897873},
 doi = {10.1145/1897852.1897873},
 acmid = {1897873},
 publisher = {ACM},
 address = {New York, NY, USA},
} 

@INPROCEEDINGS{henry-iser10,
    author = {Peter Henry and Michael Krainin and Evan Herbst and Xiaofeng Ren and Dieter Fox},
    title = {RGB-D Mapping: Using depth cameras for dense 3D modeling of indoor environments},
    booktitle = {In the 12th International Symposium on Experimental Robotics (ISER},
    year = {2010}
}

@article{jackel-cacm07,
 author = {Jackel, L.D. and Hackett, Douglas and Krotkov, Eric and Perschbacher, Michael and Pippine, James and Sullivan, Charles},
 title = {How DARPA Structures Its Robotics Programs to Improve Locomotion and Navigation},
 journal = {Commun. ACM},
 issue_date = {November 2007},
 volume = {50},
 number = {11},
 month = nov,
 year = {2007},
 issn = {0001-0782},
 pages = {55--59},
 numpages = {5},
 url = {http://doi.acm.org/10.1145/1297797.1297823},
 doi = {10.1145/1297797.1297823},
 acmid = {1297823},
 publisher = {ACM},
 address = {New York, NY, USA},
} 

@article{quigley-icra09,
  title={ROS: an open-source Robot Operating System},
  author={Quigley, Morgan and Conley, Ken and Gerkey, Brian and Faust, Josh and Foote, Tully and Leibs, Jeremy and Wheeler, Rob and Ng, Andrew Y},
  journal={ICRA workshop on open source software},
  volume={3},
  number={3.2},
  pages={5},
  year={2009}
}

@article{chen-ieeetos07,
	author = {Chen, J. Y.C. and Haas, E. C. and Barnes, M. J.},
	title = {Human Performance Issues and User Interface Design for Teleoperated Robots},
	journal = {Trans. Sys. Man Cyber Part C},
	issue_date = {November 2007},
	volume = {37},
	number = {6},
	month = nov,
	year = {2007},
	issn = {1094-6977},
	pages = {1231--1245},
	numpages = {15},
	url = {http://dx.doi.org/10.1109/TSMCC.2007.905819},
	doi = {10.1109/TSMCC.2007.905819},
	acmid = {2221066},
	publisher = {IEEE Press},
	address = {Piscataway, NJ, USA},
	keywords = {Human--robot interaction, multimodal displays and input controls, robotic control, teleoperation, user interface design},
} 

